@webpage{erc20-blog,
    author =       "McKie, Steven",
    title =        "The Anatomy of ERC20",
    howpublished = "online",
    year =         "2017",
    month =        "9",
    day =          "30",
    url =          "https://medium.com/blockchannel/the-anatomy-of-erc20-c9e5c5ff1d02",
    cited =        "2023-05-14",
    publisher = "BlockChannel"
}

@manual{erc20-doc,
    author =       {{Smith, Corwin and Ponnan, P. Jithil et al.}},
    title =        {ERC-20 Token Standard},
    howpublished = {online},
    year =         {2023},
    month =        {4},
    day =          {07},
    url =          {https://ethereum.org/cs/developers/docs/standards/tokens/erc-20/},
    cited =        "2023-05-14",
    publisher =    {ethereum.org}
}

@manual{oz-doc,
    title =        {Contracts},
    howpublished = {online},
    url =          {https://docs.openzeppelin.com/contracts/4.x/},
    cited =        "2023-05-14",
    publisher =    {OpenZeppelin}
}

@manual{bulma,
    author =       {{Jeremy Thomas}},
    title =        {Bulma Documentation},
    howpublished = {online},
    url =          {https://bulma.io/documentation/overview/},
    cited =        "2023-05-14"
}
